<record xmlns="http://www.loc.gov/MARC21/slim" xmlns:xsi="http://www.w3.org/2001/XMLSchema-instance" xsi:schemaLocation="http://www.loc.gov/MARC21/slim http://www.loc.gov/standards/marcxml/schema/MARC21slim.xsd"><leader>00510cz   2200193n  4500</leader><controlfield tag="001">oca00116377 </controlfield><controlfield tag="005">19980328052815.3</controlfield><controlfield tag="008">810220n| acannaab|          |a aaa      </controlfield><datafield ind1=" " ind2=" " tag="010"><subfield code="a">n  50082929 </subfield></datafield><datafield ind1=" " ind2=" " tag="040"><subfield code="a">DLC</subfield><subfield code="c">DLC</subfield><subfield code="d">DLC</subfield><subfield code="d">CtY</subfield></datafield><datafield ind1="0" ind2=" " tag="100"><subfield code="a">Epictetus</subfield></datafield><datafield ind1="0" ind2=" " tag="400"><subfield code="a">Ėpiktet</subfield></datafield><datafield ind1="0" ind2=" " tag="400"><subfield code="a">Epiktit</subfield></datafield><datafield ind1="0" ind2=" " tag="400"><subfield code="a">Epitteto</subfield></datafield><datafield ind1="0" ind2=" " tag="400"><subfield code="a">Epiktétos</subfield></datafield><datafield ind1="0" ind2=" " tag="400"><subfield code="a">Epictète</subfield></datafield><datafield ind1="0" ind2=" " tag="400"><subfield code="a">Epicteto</subfield></datafield><datafield ind1=" " ind2=" " tag="670"><subfield code="a">Entretien avec M. de Sacy sur Epictète et Montaigne, c1994.</subfield></datafield><datafield ind1=" " ind2=" " tag="670"><subfield code="a">Enquiridión, 1991:</subfield><subfield code="b">t.p. (Epicteto)</subfield></datafield></record>